<record><leader>00000cas a22000007a 4500</leader><controlfield tag="001">34835202</controlfield><controlfield tag="008">960531c19049999meuin ne      0    0eng d</controlfield><datafield ind1=" " ind2=" " tag="010"><subfield code="a">sn 96075076 </subfield></datafield><datafield ind1=" " ind2=" " tag="040"><subfield code="a">MBN</subfield><subfield code="b">eng</subfield><subfield code="c">MBN</subfield><subfield code="d">OCLCQ</subfield><subfield code="d">OCLCF</subfield><subfield code="d">OCLCO</subfield></datafield><datafield ind1="1" ind2=" " tag="029"><subfield code="a">AU@</subfield><subfield code="b">000012500865</subfield></datafield><datafield ind1=" " ind2=" " tag="042"><subfield code="a">msc</subfield></datafield><datafield ind1=" " ind2=" " tag="043"><subfield code="a">n-us-me</subfield></datafield><datafield ind1="0" ind2="4" tag="245"><subfield code="a">The Maine campus.</subfield></datafield><datafield ind1="3" ind2="0" tag="246"><subfield code="a">Daily Maine campus</subfield></datafield><datafield ind1="3" ind2="0" tag="246"><subfield code="a">Summer campus</subfield></datafield><datafield ind1="3" ind2="0" tag="246"><subfield code="a">Summer Maine campus</subfield></datafield><datafield ind1=" " ind2=" " tag="260"><subfield code="a">Orono, Me. :</subfield><subfield code="b">Students of the University of Maine</subfield></datafield><datafield ind1=" " ind2=" " tag="300"><subfield code="a">v.</subfield></datafield><datafield ind1=" " ind2=" " tag="310"><subfield code="a">Triweekly (during the college year)</subfield></datafield><datafield ind1=" " ind2=" " tag="321"><subfield code="a">Frequency varies,</subfield><subfield code="b">1905-1990</subfield></datafield><datafield ind1="0" ind2=" " tag="362"><subfield code="a">Vol. 5, no. 16 (June 1, 1904)-</subfield></datafield><datafield ind1=" " ind2=" " tag="500"><subfield code="a">Published as: Daily Maine campus, 1980-1989.</subfield></datafield><datafield ind1=" " ind2=" " tag="500"><subfield code="a">Published simultaneously in Orono and Bangor, Me., Jan. 14, 1908-Oct. 26, 1915.</subfield></datafield><datafield ind1=" " ind2=" " tag="500"><subfield code="a">Published a summer edition: 1943, 1971, 1990, 1992-1993.</subfield></datafield><datafield ind1=" " ind2="0" tag="651"><subfield code="a">Orono (Me.)</subfield><subfield code="v">Newspapers.</subfield></datafield><datafield ind1=" " ind2="7" tag="655"><subfield code="a">Newspapers.</subfield><subfield code="2">fast</subfield><subfield code="0">(OCoLC)fst01423814</subfield></datafield><datafield ind1=" " ind2="7" tag="651"><subfield code="a">Maine</subfield><subfield code="z">Orono.</subfield><subfield code="2">fast</subfield><subfield code="0">(OCoLC)fst01208404</subfield></datafield><datafield ind1=" " ind2=" " tag="752"><subfield code="a">United States</subfield><subfield code="b">Maine</subfield><subfield code="c">Penobscot</subfield><subfield code="d">Orono.</subfield></datafield><datafield ind1="0" ind2="0" tag="780"><subfield code="t">Campus (Orono, Me.)</subfield><subfield code="w">(DLC)sn 96075126</subfield></datafield></record>